@phdthesis{schmidhuber1987evolutionary,
  title={Evolutionary principles in self-referential learning, or on learning how to learn: the meta-meta-... hook},
  author={Schmidhuber, J{\"u}rgen},
  year={1987},
  school={Technische Universit{\"a}t M{\"u}nchen}
}

@article{vanschoren2018meta,
  title={Meta-learning: A survey},
  author={Vanschoren, Joaquin},
  journal={arXiv preprint arXiv:1810.03548},
  year={2018}
}


@article{moniz2021automated,
  title={Automated imbalanced classification via meta-learning},
  author={Moniz, Nuno and Cerqueira, Vitor},
  journal={Expert Systems with Applications},
  volume={178},
  pages={115011},
  year={2021},
  publisher={Elsevier}
}

@article{hayes2007answering,
  title={Answering the call for a standard reliability measure for coding data},
  author={Hayes, Andrew F and Krippendorff, Klaus},
  journal={Communication methods and measures},
  volume={1},
  number={1},
  pages={77--89},
  year={2007},
  publisher={Taylor \& Francis}
}


@incollection{sahni2021aided,
  title={Aided Selection of Sampling Methods for Imbalanced Data Classification},
  author={Sahni, Deep and Pappu, Satya Jayadev and Bhatt, Nirav},
  booktitle={8th ACM IKDD CODS and 26th COMAD},
  pages={198--202},
  year={2021}
}
@article{tomek1976experiment,
  title={AN EXPERIMENT WITH THE EDITED NEAREST-NIEGHBOR RULE.},
  author={Tomek, Ivan and others},
  year={1976}
}
@inproceedings{han2005borderline,
  title={Borderline-SMOTE: a new over-sampling method in imbalanced data sets learning},
  author={Han, Hui and Wang, Wen-Yuan and Mao, Bing-Huan},
  booktitle={International conference on intelligent computing},
  pages={878--887},
  year={2005},
  organization={Springer}
}
@article{wilson1972asymptotic,
  title={Asymptotic properties of nearest neighbor rules using edited data},
  author={Wilson, Dennis L},
  journal={IEEE Transactions on Systems, Man, and Cybernetics},
  number={3},
  pages={408--421},
  year={1972},
  publisher={IEEE}
}
@article{tomek1976two,
  title={Two modifications of CNN.},
  author={Tomek, Ivan},
  year={1976}
}
@inproceedings{mani2003knn,
  title={kNN approach to unbalanced data distributions: a case study involving information extraction},
  author={Mani, Inderjeet and Zhang, I},
  booktitle={Proceedings of workshop on learning from imbalanced datasets},
  volume={126},
  year={2003},
  organization={ICML United States}
}
@article{nguyen2011borderline,
  title={Borderline over-sampling for imbalanced data classification},
  author={Nguyen, Hien M and Cooper, Eric W and Kamei, Katsuari},
  journal={International Journal of Knowledge Engineering and Soft Data Paradigms},
  volume={3},
  number={1},
  pages={4--21},
  year={2011},
  publisher={Inderscience Publishers}
}
@inproceedings{he2008adasyn,
  title={ADASYN: Adaptive synthetic sampling approach for imbalanced learning},
  author={He, Haibo and Bai, Yang and Garcia, Edwardo A and Li, Shutao},
  booktitle={2008 IEEE international joint conference on neural networks (IEEE world congress on computational intelligence)},
  pages={1322--1328},
  year={2008},
  organization={IEEE}
}
@book{brazdil2008metalearning,
  title={Metalearning: Applications to data mining},
  author={Brazdil, Pavel and Carrier, Christophe Giraud and Soares, Carlos and Vilalta, Ricardo},
  year={2008},
  publisher={Springer Science \& Business Media}
}
@article{chawla2002smote,
  title={SMOTE: synthetic minority over-sampling technique},
  author={Chawla, Nitesh V and Bowyer, Kevin W and Hall, Lawrence O and Kegelmeyer, W Philip},
  journal={Journal of artificial intelligence research},
  volume={16},
  pages={321--357},
  year={2002}
}
@article{menardi2014training,
  title={Training and assessing classification rules with imbalanced data},
  author={Menardi, Giovanna and Torelli, Nicola},
  journal={Data mining and knowledge discovery},
  volume={28},
  number={1},
  pages={92--122},
  year={2014},
  publisher={Springer}
}
@article{alcala2011keel,
  title={Keel data-mining software tool: data set repository, integration of algorithms and experimental analysis framework.},
  author={Alcal{\'a}-Fdez, Jes{\'u}s and Fern{\'a}ndez, Alberto and Luengo, Juli{\'a}n and Derrac, Joaqu{\'\i}n and Garc{\'\i}a, Salvador and S{\'a}nchez, Luciano and Herrera, Francisco},
  journal={Journal of Multiple-Valued Logic \& Soft Computing},
  volume={17},
  year={2011},
  publisher={Citeseer}
}
@inproceedings{shahapure2020cluster,
  title={Cluster Quality Analysis Using Silhouette Score},
  author={Shahapure, Ketan Rajshekhar and Nicholas, Charles},
  booktitle={2020 IEEE 7th International Conference on Data Science and Advanced Analytics (DSAA)},
  pages={747--748},
  year={2020},
  organization={IEEE}
}
@article{vinh2010information,
  title={Information theoretic measures for clusterings comparison: Variants, properties, normalization and correction for chance},
  author={Vinh, Nguyen Xuan and Epps, Julien and Bailey, James},
  journal={The Journal of Machine Learning Research},
  volume={11},
  pages={2837--2854},
  year={2010},
  publisher={JMLR. org}
}
@article{steinley2004properties,
  title={Properties of the Hubert-Arable Adjusted Rand Index.},
  author={Steinley, Douglas},
  journal={Psychological methods},
  volume={9},
  number={3},
  pages={386},
  year={2004},
  publisher={American Psychological Association}
}
@techreport{arthur2006k,
  title={k-means++: The advantages of careful seeding},
  author={Arthur, David and Vassilvitskii, Sergei},
  year={2006},
  institution={Stanford}
}
@article{xie1991validity,
  title={A validity measure for fuzzy clustering},
  author={Xie, Xuanli Lisa and Beni, Gerardo},
  journal={IEEE Transactions on pattern analysis and machine intelligence},
  volume={13},
  number={8},
  pages={841--847},
  year={1991}
}
@article{cohen1960coefficient,
  title={A coefficient of agreement for nominal scales},
  author={Cohen, Jacob},
  journal={Educational and psychological measurement},
  volume={20},
  number={1},
  pages={37--46},
  year={1960},
  publisher={Sage Publications Sage CA: Thousand Oaks, CA}
}

@inproceedings{singh2020clustering,
  title={Clustering Evaluation by Davies-Bouldin Index (DBI) in Cereal data using K-Means},
  author={Singh, Akhilesh Kumar and Mittal, Shantanu and Malhotra, Prashant and Srivastava, Yash Vardhan},
  booktitle={2020 Fourth International Conference on Computing Methodologies and Communication (ICCMC)},
  pages={306--310},
  year={2020},
  organization={IEEE}
}
@inproceedings{batista2003balancing,
  title={Balancing Training Data for Automated Annotation of Keywords: a Case Study.},
  author={Batista, Gustavo EAPA and Bazzan, Ana LC and Monard, Maria Carolina and others},
  booktitle={WOB},
  pages={10--18},
  year={2003}
}
@article{batista2004study,
  title={A study of the behavior of several methods for balancing machine learning training data},
  author={Batista, Gustavo EAPA and Prati, Ronaldo C and Monard, Maria Carolina},
  journal={ACM SIGKDD explorations newsletter},
  volume={6},
  number={1},
  pages={20--29},
  year={2004},
  publisher={ACM New York, NY, USA}
}
@article{smith2014instance,
  title={An instance level analysis of data complexity},
  author={Smith, Michael R and Martinez, Tony and Giraud-Carrier, Christophe},
  journal={Machine learning},
  volume={95},
  number={2},
  pages={225--256},
  year={2014},
  publisher={Springer}
}
@inproceedings{laurikkala2001improving,
  title={Improving identification of difficult small classes by balancing class distribution},
  author={Laurikkala, Jorma},
  booktitle={Conference on Artificial Intelligence in Medicine in Europe},
  pages={63--66},
  year={2001},
  organization={Springer}
}
@article{calinski1974dendrite,
  title={A dendrite method for cluster analysis},
  author={Cali{\'n}ski, Tadeusz and Harabasz, Jerzy},
  journal={Communications in Statistics-theory and Methods},
  volume={3},
  number={1},
  pages={1--27},
  year={1974},
  publisher={Taylor \& Francis}
}
@article{hart1968condensed,
  title={The condensed nearest neighbor rule (corresp.)},
  author={Hart, Peter},
  journal={IEEE transactions on information theory},
  volume={14},
  number={3},
  pages={515--516},
  year={1968},
  publisher={Citeseer}
}
@article{sharma1996applied,
  title={Applied multivariate techniques},
  author={Sharma, Sughash},
  year={1996},
  publisher={John Wiley \& Sons Inc.}
}


@article{branco2016survey,
  title={A survey of predictive modeling on imbalanced domains},
  author={Branco, Paula and Torgo, Lu{\'\i}s and Ribeiro, Rita P},
  journal={ACM Computing Surveys (CSUR)},
  volume={49},
  number={2},
  pages={1--50},
  year={2016},
  publisher={ACM New York, NY, USA}
}

@article{zhang2020towards,
  title={Towards class-imbalance aware multi-label learning},
  author={Zhang, Min-Ling and Li, Yu-Kun and Yang, Hao and Liu, Xu-Ying},
  journal={IEEE Transactions on Cybernetics},
  year={2020},
  publisher={IEEE}
}


@article{branco2019pre,
  title={Pre-processing approaches for imbalanced distributions in regression},
  author={Branco, Paula and Torgo, Luis and Ribeiro, Rita P},
  journal={Neurocomputing},
  volume={343},
  pages={76--99},
  year={2019},
  publisher={Elsevier}
}


@inproceedings{kubat1997addressing,
  title={Addressing the curse of imbalanced training sets: one-sided selection},
  author={Kubat, Miroslav and Matwin, Stan and others},
  booktitle={Icml},
  volume={97},
  pages={179--186},
  year={1997},
  organization={Citeseer}
}

@phdthesis{van2008data,
  title={Data measures that characterise classification problems},
  author={Van der Walt, Christiaan Maarten and others},
  year={2008},
  school={University of Pretoria}
}

@article{imb-learnPython,
author  = {Guillaume  Lema{{\^i}}tre and Fernando Nogueira and Christos K. Aridas},
title   = {Imbalanced-learn: A Python Toolbox to Tackle the Curse of Imbalanced Datasets in Machine Learning},
journal = {Journal of Machine Learning Research},
year    = {2017},
volume  = {18},
number  = {17},
pages   = {1-5},
url     = {http://jmlr.org/papers/v18/16-365}
}
@article{fowlkes1983method,
  title={A method for comparing two hierarchical clusterings},
  author={Fowlkes, Edward B and Mallows, Colin L},
  journal={Journal of the American statistical association},
  volume={78},
  number={383},
  pages={553--569},
  year={1983},
  publisher={Taylor \& Francis Group}
}
@inproceedings{amelio2015normalized,
  title={Is normalized mutual information a fair measure for comparing community detection methods?},
  author={Amelio, Alessia and Pizzuti, Clara},
  booktitle={Proceedings of the 2015 IEEE/ACM International Conference on Advances in Social Networks Analysis and Mining 2015},
  pages={1584--1585},
  year={2015}
}

@article{hu2019malicious,
  title={Malicious web domain identification using online credibility and performance data by considering the class imbalance issue},
  author={Hu, Zhongyi and Chiong, Raymond and Pranata, Ilung and Bao, Yukun and Lin, Yuqing},
  journal={Industrial Management \& Data Systems},
  year={2019},
  publisher={Emerald Publishing Limited}
}

@article{zhao2008protein,
  title={Protein classification with imbalanced data},
  author={Zhao, Xing-Ming and Li, Xin and Chen, Luonan and Aihara, Kazuyuki},
  journal={Proteins: Structure, function, and bioinformatics},
  volume={70},
  number={4},
  pages={1125--1132},
  year={2008},
  publisher={Wiley Online Library}
}

@article{lee2020dual,
  title={Dual attention in time and frequency domain for voice activity detection},
  author={Lee, Joohyung and Jung, Youngmoon and Kim, Hoirin},
  journal={arXiv preprint arXiv:2003.12266},
  year={2020}
}

@article{10.1145/3343440,
author = {Kaur, Harsurinder and Pannu, Husanbir Singh and Malhi, Avleen Kaur},
title = {A Systematic Review on Imbalanced Data Challenges in Machine Learning: Applications and Solutions},
year = {2019},
issue_date = {July 2020},
publisher = {Association for Computing Machinery},
address = {New York, NY, USA},
volume = {52},
number = {4},
issn = {0360-0300},
url = {https://doi-org.proxy.bib.uottawa.ca/10.1145/3343440},
doi = {10.1145/3343440},
abstract = {In machine learning, the data imbalance imposes challenges to perform data analytics in almost all areas of real-world research. The raw primary data often suffers from the skewed perspective of data distribution of one class over the other as in the case of computer vision, information security, marketing, and medical science. The goal of this article is to present a comparative analysis of the approaches from the reference of data pre-processing, algorithmic and hybrid paradigms for contemporary imbalance data analysis techniques, and their comparative study in lieu of different data distribution and their application areas.},
journal = {ACM Comput. Surv.},
month = {aug},
articleno = {79},
numpages = {36},
keywords = {sampling, Data imbalance, data analysis, machine learning}
}

@incollection{kaur2018comparing,
  title={Comparing the behavior of oversampling and undersampling approach of class imbalance learning by combining class imbalance problem with noise},
  author={Kaur, Prabhjot and Gosain, Anjana},
  booktitle={ICT Based Innovations},
  pages={23--30},
  year={2018},
  publisher={Springer}
}

@inproceedings{peng2002improved,
  title={Improved dataset characterisation for meta-learning},
  author={Peng, Yonghong and Flach, Peter A and Soares, Carlos and Brazdil, Pavel},
  booktitle={International Conference on Discovery Science},
  pages={141--152},
  year={2002},
  organization={Springer}
}

@article{he2009learning,
  title={Learning from imbalanced data},
  author={He, Haibo and Garcia, Edwardo A},
  journal={IEEE Transactions on knowledge and data engineering},
  volume={21},
  number={9},
  pages={1263--1284},
  year={2009},
  publisher={Ieee}
}

@inproceedings{burnaev2015influence,
  title={Influence of resampling on accuracy of imbalanced classification},
  author={Burnaev, Evgeny and Erofeev, Pavel and Papanov, Artem},
  booktitle={Eighth international conference on machine vision (ICMV 2015)},
  volume={9875},
  pages={987521},
  year={2015},
  organization={International Society for Optics and Photonics}
}

@ARTICLE{4309523,  author={Tomek, Ivan},  journal={IEEE Transactions on Systems, Man, and Cybernetics},   title={An Experiment with the Edited Nearest-Neighbor Rule},   year={1976},  volume={SMC-6},  number={6},  pages={448-452},  doi={10.1109/TSMC.1976.4309523}}

@ARTICLE{8756130,  author={Makki, Sara and Assaghir, Zainab and Taher, Yehia and Haque, Rafiqul and Hacid, Mohand-Saïd and Zeineddine, Hassan},  journal={IEEE Access},   title={An Experimental Study With Imbalanced Classification Approaches for Credit Card Fraud Detection},   year={2019},  volume={7},  number={},  pages={93010-93022},  doi={10.1109/ACCESS.2019.2927266}}

@article{wang2015improved,
  title={An improved data characterization method and its application in classification algorithm recommendation},
  author={Wang, Guangtao and Song, Qinbao and Zhu, Xiaoyan},
  journal={Applied Intelligence},
  volume={43},
  number={4},
  pages={892--912},
  year={2015},
  publisher={Springer}
}

@article{hordri2018handling,
  title={Handling class imbalance in credit card fraud using resampling methods},
  author={Hordri, Nur Farhana and Yuhaniz, Siti Sophiayati and Azmi, Nurulhuda Firdaus Mohd and Shamsuddin, Siti Mariyam},
  journal={Int. J. Adv. Comput. Sci. Appl},
  volume={9},
  number={11},
  pages={390--396},
  year={2018}
}

@article{tene2012track,
  title={To track or do not track: advancing transparency and individual control in online behavioral advertising},
  author={Tene, Omer and Polenetsky, Jules},
  journal={Minn. JL Sci. \& Tech.},
  volume={13},
  pages={281},
  year={2012},
  publisher={HeinOnline}
}

@article{huang2019deep,
  title={Deep imbalanced learning for face recognition and attribute prediction},
  author={Huang, Chen and Li, Yining and Loy, Chen Change and Tang, Xiaoou},
  journal={IEEE transactions on pattern analysis and machine intelligence},
  volume={42},
  number={11},
  pages={2781--2794},
  year={2019},
  publisher={IEEE}
}

@inproceedings{cavadas2015crime,
  title={Crime prediction using regression and resources optimization},
  author={Cavadas, Bruno and Branco, Paula and Pereira, S{\'e}rgio},
  booktitle={Portuguese Conference on Artificial Intelligence},
  pages={513--524},
  year={2015},
  organization={Springer}
}

@article{marques2013suitability,
  title={On the suitability of resampling techniques for the class imbalance problem in credit scoring},
  author={Marqu{\'e}s, Ana Isabel and Garc{\'\i}a, Vicente and S{\'a}nchez, Jos{\'e} Salvador},
  journal={Journal of the Operational Research Society},
  volume={64},
  number={7},
  pages={1060--1070},
  year={2013},
  publisher={Springer}
}

@article{saez2015addressing,
  title={Addressing the noisy and borderline examples problem in classification with imbalanced datasets via a class noise filtering method-based re-sampling technique},
  author={Saez, JA and Luengo, J and Stefanowski, J and Herrera, F},
  journal={Inform Sci},
  volume={291},
  pages={184--203},
  year={2015}
}

@inproceedings{seiffert2008rusboost,
  title={RUSBoost: Improving classification performance when training data is skewed},
  author={Seiffert, Chris and Khoshgoftaar, Taghi M and Van Hulse, Jason and Napolitano, Amri},
  booktitle={2008 19th international conference on pattern recognition},
  pages={1--4},
  year={2008},
  organization={IEEE}
}

@article{peng2020comprehensive,
  title={A comprehensive overview and survey of recent advances in meta-learning},
  author={Peng, Huimin},
  journal={arXiv preprint arXiv:2004.11149},
  year={2020}
}

@article{clune2019ai,
  title={AI-GAs: AI-generating algorithms, an alternate paradigm for producing general artificial intelligence},
  author={Clune, Jeff},
  journal={arXiv preprint arXiv:1905.10985},
  year={2019}
}

@article{wang2019paired,
  title={Paired open-ended trailblazer (poet): Endlessly generating increasingly complex and diverse learning environments and their solutions},
  author={Wang, Rui and Lehman, Joel and Clune, Jeff and Stanley, Kenneth O},
  journal={arXiv preprint arXiv:1901.01753},
  year={2019}
}

@article{vinyals2016matching,
  title={Matching networks for one shot learning},
  author={Vinyals, Oriol and Blundell, Charles and Lillicrap, Timothy and Wierstra, Daan and others},
  journal={Advances in neural information processing systems},
  volume={29},
  year={2016}
}

@article{snell2017prototypical,
  title={Prototypical networks for few-shot learning},
  author={Snell, Jake and Swersky, Kevin and Zemel, Richard},
  journal={Advances in neural information processing systems},
  volume={30},
  year={2017}
}

@inproceedings{gordon2018versa,
  title={Versa: Versatile and efficient few-shot learning},
  author={Gordon, Jonathan and Bronskill, John and Bauer, Matthias and Nowozin, Sebastian and Turner, Richard E},
  booktitle={Third workshop on Bayesian Deep Learning},
  year={2018}
}

@article{wang2020generalizing,
  title={Generalizing from a few examples: A survey on few-shot learning},
  author={Wang, Yaqing and Yao, Quanming and Kwok, James T and Ni, Lionel M},
  journal={ACM computing surveys (csur)},
  volume={53},
  number={3},
  pages={1--34},
  year={2020},
  publisher={ACM New York, NY, USA}
}

@article{wang2019few,
  title={Few-shot learning: A survey},
  author={Wang, Yaqing and Yao, Quanming},
  year={2019}
}

@article{sun2020few,
  title={Few-shot learning for domain-specific fine-grained image classification},
  author={Sun, Xin and Xv, Hongwei and Dong, Junyu and Zhou, Huiyu and Chen, Changrui and Li, Qiong},
  journal={IEEE Transactions on Industrial Electronics},
  volume={68},
  number={4},
  pages={3588--3598},
  year={2020},
  publisher={IEEE}
}

@article{jaafra2018review,
  title={A review of meta-reinforcement learning for deep neural networks architecture search},
  author={Jaafra, Yesmina and Laurent, Jean Luc and Deruyver, Aline and Naceur, Mohamed Saber},
  journal={arXiv preprint arXiv:1812.07995},
  year={2018}
}

@article{humplik2019meta,
  title={Meta reinforcement learning as task inference},
  author={Humplik, Jan and Galashov, Alexandre and Hasenclever, Leonard and Ortega, Pedro A and Teh, Yee Whye and Heess, Nicolas},
  journal={arXiv preprint arXiv:1905.06424},
  year={2019}
}

@article{dasgupta2019causal,
  title={Causal reasoning from meta-reinforcement learning},
  author={Dasgupta, Ishita and Wang, Jane and Chiappa, Silvia and Mitrovic, Jovana and Ortega, Pedro and Raposo, David and Hughes, Edward and Battaglia, Peter and Botvinick, Matthew and Kurth-Nelson, Zeb},
  journal={arXiv preprint arXiv:1901.08162},
  year={2019}
}

@article{duan2017one,
  title={One-shot imitation learning},
  author={Duan, Yan and Andrychowicz, Marcin and Stadie, Bradly and Jonathan Ho, OpenAI and Schneider, Jonas and Sutskever, Ilya and Abbeel, Pieter and Zaremba, Wojciech},
  journal={Advances in neural information processing systems},
  volume={30},
  year={2017}
}

@article{barella2021assessing,
  title={Assessing the data complexity of imbalanced datasets},
  author={Barella, Victor H and Garcia, Luis PF and de Souto, Marcilio CP and Lorena, Ana C and de Carvalho, Andr{\'e} CPLF},
  journal={Information Sciences},
  volume={553},
  pages={83--109},
  year={2021},
  publisher={Elsevier}
}
@article{anwar2014measurement,
  title={Measurement of data complexity for classification problems with unbalanced data},
  author={Anwar, Nafees and Jones, Geoff and Ganesh, Siva},
  journal={Statistical Analysis and Data Mining: The ASA Data Science Journal},
  volume={7},
  number={3},
  pages={194--211},
  year={2014},
  publisher={Wiley Online Library}
}
@article{lu2019bayes,
  title={Bayes imbalance impact index: A measure of class imbalanced data set for classification problemm},
  author={Lu, Yang and Cheung, Yiu-Ming and Tang, Yuan Yan},
  journal={IEEE transactions on neural networks and learning systems},
  volume={31},
  number={9},
  pages={3525--3539},
  year={2019},
  publisher={IEEE}
}
@article{singh2020weighted,
  title={Weighted k-nearest neighbor based data complexity metrics for imbalanced datasets},
  author={Singh, Deepika and Gosain, Anjana and Saha, Anju},
  journal={Statistical Analysis and Data Mining: The ASA Data Science Journal},
  volume={13},
  number={4},
  pages={394--404},
  year={2020},
  publisher={Wiley Online Library}
}
@article{Agrawal2023meta,
title = {A Meta-learning Based Generative Model with Graph Attention Network for Multi-Modal Recommender Systems},
author = {Agrawal, Pawan and Raj, Subham and Saha, Sriparna and Onoe, Naoyuki},
journal = {Procedia Computer Science},
volume = {222},
year = {2023},
month = {01},
pages = {581-590},
doi = {10.1016/j.procs.2023.08.196}
}
@article{Lei2023innovative,
author = {Lei, Tongfei and Hu, Jiabei and Riaz, Saleem},
year = {2023},
month = {07},
pages = {},
title = {An innovative approach based on meta-learning for real-time modal fault diagnosis with small sample learning},
volume = {11},
journal = {Frontiers in Physics},
doi = {10.3389/fphy.2023.1207381}
}
@article{Nathaniel2023meta,
author = {Nathaniel, Juan and Jiangong, Liu and Gentine, Pierre},
year = {2023},
month = {07},
pages = {},
title = {MetaFlux: Meta-learning global carbon fluxes from sparse spatiotemporal observations},
volume = {10},
journal = {Scientific Data},
doi = {10.1038/s41597-023-02349-y}
}
@misc{
jiang2022multisubspace,
title={Multi-Subspace Structured Meta-Learning},
author={Weisen Jiang and James Kwok and Yu Zhang},
year={2022},
url={https://openreview.net/forum?id=C_RTGckbu-A}
@misc{jerfel2019reconciling,
      title={Reconciling meta-learning and continual learning with online mixtures of tasks}, 
      author={Ghassen Jerfel and Erin Grant and Thomas L. Griffiths and Katherine Heller},
      year={2019},
      eprint={1812.06080},
      archivePrefix={arXiv},
      primaryClass={cs.LG}
}
@inproceedings{Zhou2021TaskSA,
  title={Task similarity aware meta learning: theory-inspired improvement on MAML},
  author={Pan Zhou and Yingtian Zou and Xiaotong Yuan and Jiashi Feng and Caiming Xiong and Steven C. H. Hoi},
  booktitle={Conference on Uncertainty in Artificial Intelligence},
  year={2021},
  url={https://api.semanticscholar.org/CorpusID:235432562}
}
@inproceedings{Wardhani2019cross,
author = {Wardhani, Ni and Rochayani, Masithoh and Iriany, Atiek and Sulistyono, Agus and Lestantyo, Prayudi},
year = {2019},
month = {10},
pages = {14-18},
title = {Cross-validation Metrics for Evaluating Classification Performance on Imbalanced Data},
doi = {10.1109/IC3INA48034.2019.8949568}
}